@online{wiki:Steffensen's_method,
   author = "Wikipedia",
   title = "{Steffensen's method} --- {W}ikipedia{,} The Free Encyclopedia",
   year = "2021",
   url = 
   {https://en.wikipedia.org/wiki/Steffensen%27s_method},
   urldate = {2021-1-13}
 }

@online{wiki:nc,
	author = "Wikipedia",
	title = "{Newtonâ€“Cotes formulas} --- {W}ikipedia{,} The Free 
	Encyclopedia",
	year = "2021",
	url = 
	{https://en.wikipedia.org/wiki/Newton%E2%80%93Cotes_formulas},
	urldate = {2021-1-13}
}